<record><leader>00000cas a2200000 a 4500</leader><controlfield tag="001">17560756</controlfield><controlfield tag="008">880301d18981938wauwr ne      0    0eng d</controlfield><datafield ind1=" " ind2=" " tag="010"><subfield code="a">sn 88085553 </subfield></datafield><datafield ind1=" " ind2=" " tag="040"><subfield code="a">SLZ</subfield><subfield code="b">eng</subfield><subfield code="c">SLZ</subfield><subfield code="d">OCL</subfield><subfield code="d">OCLCQ</subfield><subfield code="d">OCLCF</subfield><subfield code="d">OCLCO</subfield></datafield><datafield ind1="1" ind2=" " tag="029"><subfield code="a">AU@</subfield><subfield code="b">000025820167</subfield></datafield><datafield ind1=" " ind2=" " tag="042"><subfield code="a">msc</subfield></datafield><datafield ind1=" " ind2=" " tag="043"><subfield code="a">n-us-wa</subfield></datafield><datafield ind1="0" ind2="4" tag="245"><subfield code="a">The Chehalis bee-nugget.</subfield></datafield><datafield ind1=" " ind2=" " tag="260"><subfield code="a">Chehalis, Wash. :</subfield><subfield code="b">J.C. Bush</subfield></datafield><datafield ind1=" " ind2=" " tag="300"><subfield code="a">40 v.</subfield></datafield><datafield ind1=" " ind2=" " tag="310"><subfield code="a">Weekly</subfield></datafield><datafield ind1="0" ind2=" " tag="362"><subfield code="a">Vol. 16, no. 22 (Dec. 2, 1898)-v. 55, no. 56 (July 26, 1938).</subfield></datafield><datafield ind1=" " ind2="0" tag="651"><subfield code="a">Chehalis (Wash.)</subfield><subfield code="v">Newspapers.</subfield></datafield><datafield ind1=" " ind2="7" tag="655"><subfield code="a">Newspapers.</subfield><subfield code="2">fast</subfield><subfield code="0">(OCoLC)fst01423814</subfield></datafield><datafield ind1=" " ind2="7" tag="651"><subfield code="a">Washington (State)</subfield><subfield code="z">Chehalis.</subfield><subfield code="2">fast</subfield><subfield code="0">(OCoLC)fst01222723</subfield></datafield><datafield ind1=" " ind2=" " tag="752"><subfield code="a">United States</subfield><subfield code="b">Washington</subfield><subfield code="c">Lewis</subfield><subfield code="d">Chehalis.</subfield></datafield><datafield ind1="0" ind2="4" tag="780"><subfield code="t">Chehalis bee</subfield><subfield code="w">(DLC)sn 88085555</subfield></datafield><datafield ind1="0" ind2="4" tag="780"><subfield code="t">Chehalis nugget</subfield><subfield code="w">(DLC)sn 88085554</subfield></datafield><datafield ind1="0" ind2="7" tag="785"><subfield code="t">Lewis County advocate</subfield><subfield code="w">(DLC)sn 88085052</subfield></datafield><datafield ind1="0" ind2="7" tag="785"><subfield code="t">Chehalis advocate</subfield><subfield code="w">(DLC)sn 88085053</subfield></datafield></record>